@misc{KarlSims,
    title = {Understanding {J}ulia and {M}andelbrot Sets},
    author = {Karl Sims},
    url = {\url{https://www.karlsims.com/julia.html}},
    note = {[Online; accessed 30-May-2021]},
}

@misc{Cantor,
    author = {Wikimedia Commons},
    title = {File:Cantor set in seven iterations.svg --- Wikimedia Commons{,} the free media repository},
    year = {2020},
    url = {\url{https://commons.wikimedia.org/w/index.php?title=File:Cantor_set_in_seven_iterations.svg&oldid=508725486}},
    note = {[Online; accessed 30-May-2021]}
 }

@misc{JuliaTimeEscape,
    author = {Wikimedia Commons},
    title = {Time escape {J}ulia set from coordinate (phi-2, 0).jpg --- Wikimedia Commons{,} the free media repository},
    year = {2020},
    url = {\url{https://commons.wikimedia.org/w/index.php?title=File:Time_escape_Julia_set_from_coordinate_(phi-2,_0).jpg&oldid=458294205}},
    note = {[Online; accessed 30-May-2021]}
}

@misc{JuliaEscapeRadiusProof,
    TITLE = {The escape radius of a polynomial and its filled Julia set},
    AUTHOR = {Lutz Lehmann (https://math.stackexchange.com/users/115115/lutz-lehmann)},
    HOWPUBLISHED = {Mathematics Stack Exchange},
    NOTE = {URL:https://math.stackexchange.com/q/3839776 (version: 2020-09-25)},
    EPRINT = {https://math.stackexchange.com/q/3839776},
    URL = {\url{https://math.stackexchange.com/q/3839776}}
}

@misc{NormalMandelbrot,
   author = {Wikimedia Commons},
   title = {File:Mandel zoom 00 mandelbrot set.jpg --- Wikimedia Commons{,} the free media repository},
   year = {2021},
   url = {\url{https://commons.wikimedia.org/w/index.php?title=File:Mandel_zoom_00_mandelbrot_set.jpg&oldid=548892455}},
   note = {[Online; accessed 30-May-2021]}
 }

 @MISC {MiniMandelbrot,
    TITLE = {Mini Mandelbrots, are they exact copies?},
    AUTHOR = {mateuszica (https://math.stackexchange.com/users/86329/mateuszica)},
    HOWPUBLISHED = {Mathematics Stack Exchange},
    NOTE = {URL:https://math.stackexchange.com/q/595839 (version: 2017-03-05)},
    EPRINT = {https://math.stackexchange.com/q/595839},
    URL = {https://math.stackexchange.com/q/595839}
}

@misc{TopSineCurve,
   author = {Wikimedia Commons},
   title = {File:Topologist's sine curve.svg --- Wikimedia Commons{,} the free media repository},
   year = {2021},
   url = {\url{https://commons.wikimedia.org/w/index.php?title=File:Topologist%27s_sine_curve.svg&oldid=544563944}},
   note = {[Online; accessed 31-May-2021]}
 }

@MISC {MandelbrotEscapeRadius,
    TITLE = {Mandelbrot sets and radius of convergence},
    AUTHOR = {user147263},
    HOWPUBLISHED = {Mathematics Stack Exchange},
    NOTE = {URL:https://math.stackexchange.com/q/890448 (version: 2014-12-19)},
    EPRINT = {https://math.stackexchange.com/q/890448},
    URL = {https://math.stackexchange.com/q/890448}
}

@misc{MichaelFrame,
    title = {The {M}andelbrot Set and {J}ulia Sets},
    author = {Michael Frame},
    url = {\url{https://users.math.yale.edu/public_html/People/frame/Fractals/MandelSet/welcome.html}},
    note = {[Online; accessed 30-May-2021]},
}

@misc{NewtonThreeRoots,
    author = {Wikimedia Commons},
    title = {File:Julia set for the rational function.png --- Wikimedia Commons{,} the free media repository},
    year = {2020},
    url = {\url{https://commons.wikimedia.org/w/index.php?title=File:Julia_set_for_the_rational_function.png&oldid=457665504}},
    note = {[Online; accessed 30-May-2021]}
}

@misc{LineAndPointTrap,
   author = {Wikimedia Commons},
   title = {File:Line and point trap golden.png --- Wikimedia Commons{,} the free media repository},
   year = {2020},
   url = {\url{https://commons.wikimedia.org/w/index.php?title=File:Line_and_point_trap_golden.png&oldid=510183190}},
   note = {[Online; accessed 1-June-2021]}
}

@misc{PickoverStalks,
   author = {Wikimedia Commons},
   title = {File:Pickover-stalks.png --- Wikimedia Commons{,} the free media repository},
   year = {2020},
   url = {\url{https://commons.wikimedia.org/w/index.php?title=File:Pickover-stalks.png&oldid=455034254}},
   note = {[Online; accessed 1-June-2021]}
}